@article{afach_device_2015,
	title = {A device for simultaneous spin analysis of ultracold neutrons},
	volume = {51},
	issn = {1434-6001, 1434-601X},
	doi = {10.1140/epja/i2015-15143-7},
	language = {en},
	number = {11},
	urldate = {2020-11-05},
	journal = {The European Physical Journal A},
	author = {Afach, S. and Ban, G. and Bison, G. and Bodek, K. and Chowdhuri, Z. and Daum, M. and Fertl, M. and Franke, B. and Geltenbort, P. and Grujić, Z. D. and Hayen, L. and Hélaine, V. and Henneck, R. and Kasprzak, M. and Kermaïdic, Y. and Kirch, K. and Komposch, S. and Kozela, A. and Krempel, J. and Lauss, B. and Lefort, T. and Lemière, Y. and Mtchedlishvili, A. and Naviliat-Cuncic, O. and Piegsa, F. M. and Pignol, G. and Prashanth, P. N. and Quéméner, G. and Rawlik, M. and Ries, D. and Rebreyend, D. and Roccia, S. and Rozpedzik, D. and Schmidt-Wellenburg, P. and Severijns, N. and Weis, A. and Wursten, E. and Wyszynski, G. and Zejma, J. and Zsigmond, G.},
	month = nov,
	year = {2015},
	pages = {143}
}

@article{pattie_jr_evaluation_2017,
    title = {Evaluation of commercial nickel-phosphorus coating for ultracold neutron guides using a pinhole bottling method},
    volume = {872},
    issn = {01689002},
    doi = {10.1016/j.nima.2017.07.051},
    urldate = {2019-12-15},
    journal = {Nuclear Instruments and Methods in Physics Research Section A: Accelerators, Spectrometers, Detectors and Associated Equipment},
    author = {Pattie Jr, R. W. and Adamek, E. and Brenner, T. and Brandt, A. and Broussard, L. J. and Callahan, N. B. and Clayton, S. M. and Cude-Woods, C. and Currie, S. A. and Geltonbort, P. and Ito, T. and Lauer, T. and Liu, C. Y. and Majewski, J. and Makela, M. and Masuda, Y. and Morris, C. L. and Ramsey, J. C. and Salvat, D. and Saunders, A. and Schroffenegger, J. and Tang, Z. and Wei, W. and Wang, Z. and Watkins, E. and Young, A. R. and Zeck, B. A.},
    month = nov,
    year = {2017},
    keywords = {Nuclear Experiment, Physics - Instrumentation and Detectors},
    pages = {64--73}
}

@article{ito_performance_2018,
	title = {Performance of the upgraded ultracold neutron source at {Los} {Alamos} {National} {Laboratory} and its implication for a possible neutron electric dipole moment experiment},
	volume = {97},
	issn = {2469-9985, 2469-9993},
	doi = {10.1103/PhysRevC.97.012501},
	number = {1},
	urldate = {2019-12-15},
	journal = {Physical Review C},
	author = {Ito, T. M. and Adamek, E. R. and Callahan, N. B. and Choi, J. H. and Clayton, S. M. and Cude-Woods, C. and Currie, S. and Ding, X. and Fellers, D. E. and Geltenbort, P. and Lamoreaux, S. K. and Liu, C. Y. and MacDonald, S. and Makela, M. and Morris, C. L. and Pattie Jr., R. W. and Ramsey, J. C. and Salvat, D. J. and Saunders, A. and Sharapov, E. I. and Sjue, S. and Sprow, A. P. and Tang, Z. and Weaver, H. L. and Wei, W. and Young, A. R.},
	month = jan,
	year = {2018},
	keywords = {Nuclear Experiment, Physics - Instrumentation and Detectors, Physics - Accelerator Physics},
	pages = {012501}
}

@book{ignatovich1990physics,
    title={The Physics of Ultracold Neutrons},
    author={Ignatovich, V.K. and Pontecorvo, G.B.},
    isbn={9780198510154},
    lccn={90041423},
    series={Oxford science publications},
    year={1990},
    publisher={Clarendon Press}
}

@book{golubUCN,
    title={Ultra-Cold Neutrons},
    author={Golub, R. and Richardson, D. and Lamoreaux, S.K},
    isbn={9780367403041},
    year={1991},
    publisher={CRC Press}
}

@misc{newville_matthew_2014_11813,
    author       = {Newville, Matthew and
                  Stensitzki, Till and
                  Allen, Daniel B. and
                  Ingargiola,  Antonino},
    title        = {{LMFIT: Non-Linear Least-Square Minimization and 
                   Curve-Fitting for Python}},
    month        = sep,
    year         = 2014,
    publisher    = {Zenodo},
    doi          = {10.5281/zenodo.11813},
}

@article{saunders_performance_2013,
	title = {Performance of the {Los} {Alamos} {National} {Laboratory} spallation-driven solid-deuterium ultra-cold neutron source},
	volume = {84},
	issn = {0034-6748, 1089-7623},
	doi = {10.1063/1.4770063},
	language = {en},
	number = {1},
	journal = {Review of Scientific Instruments},
	author = {Saunders, A. and Makela, M. and Bagdasarova, Y. and Back, H. O. and Boissevain, J. and Broussard, L. J. and Bowles, T. J. and Carr, R. and Currie, S. A. and Filippone, B. and García, A. and Geltenbort, P. and Hickerson, K. P. and Hill, R. E. and Hoagland, J. and Hoedl, S. and Holley, A. T. and Hogan, G. and Ito, T. M. and Lamoreaux, Steve and Liu, Chen-Yu and Liu, J. and Mammei, R. R. and Martin, J. and Melconian, D. and Mendenhall, M. P. and Morris, C. L. and Mortensen, R. N. and Pattie, R. W. and Pitt, M. and Plaster, B. and Ramsey, J. and Rios, R. and Sallaska, A. and Seestrom, S. J. and Sharapov, E. I. and Sjue, S. and Sondheim, W. E. and Teasdale, W. and Young, A. R. and VornDick, B. and Vogelaar, R. B. and Wang, Z. and Xu, Yanping},
	month = jan,
	year = {2013},
	pages = {013304},
}


@article{PSI_nEDM_PRL2020,
	title = {Measurement of the permanent electric dipole moment of the neutron},
	volume = {124},
	issn = {0031-9007, 1079-7114},
	doi = {10.1103/PhysRevLett.124.081803},
	number = {8},
	journal = {Physical Review Letters},
	author = {Abel, C. and Afach, S. and Ayres, N. J. and Baker, C. A. and Ban, G. and Bison, G. and Bodek, K. and Bondar, V. and Burghoff, M. and Chanel, E. and Chowdhuri, Z. and Chiu, P.-J. and Clement, B. and Crawford, C. B. and Daum, M. and Emmenegger, S. and Ferraris-Bouchez, L. and Fertl, M. and Flaux, P. and Franke, B. and Fratangelo, A. and Geltenbort, P. and Green, K. and Griffith, W. C. and van der Grinten, M. and Grujić, Z. D. and Harris, P. G. and Hayen, L. and Heil, W. and Henneck, R. and Hélaine, V. and Hild, N. and Hodge, Z. and Horras, M. and Iaydjiev, P. and Ivanov, S. N. and Kasprzak, M. and Kermaidic, Y. and Kirch, K. and Knecht, A. and Knowles, P. and Koch, H.-C. and Koss, P. A. and Komposch, S. and Kozela, A. and Kraft, A. and Krempel, J. and Kuźniak, M. and Lauss, B. and Lefort, T. and Lemière, Y. and Leredde, A. and Mohanmurthy, P. and Mtchedlishvili, A. and Musgrave, M. and Naviliat-Cuncic, O. and Pais, D. and Piegsa, F. M. and Pierre, E. and Pignol, G. and Plonka-Spehr, C. and Prashanth, P. N. and Quéméner, G. and Rawlik, M. and Rebreyend, D. and Rienäcker, I. and Ries, D. and Roccia, S. and Rogel, G. and Rozpedzik, D. and Schnabel, A. and Schmidt-Wellenburg, P. and Severijns, N. and Shiers, D. and Dinani, R. Tavakoli and Thorne, J. A. and Virot, R. and Voigt, J. and Weis, A. and Wursten, E. and Wyszynski, G. and Zejma, J. and Zenner, J. and Zsigmond, G.},
	month = feb,
	year = {2020},
	pages = {081803},
}

@article{codata_2018,
    title = {CODATA recommended values of the fundamental physical constants: 2018},
    author = {Tiesinga, Eite and Mohr, Peter J. and Newell, David B. and Taylor, Barry N.},
    journal = {Rev. Mod. Phys.},
    volume = {93},
    issue = {2},
    pages = {025010},
    numpages = {63},
    year = {2021},
    month = jun,
    publisher = {American Physical Society},
    doi = {10.1103/RevModPhys.93.025010},
}


@article{jeph_b10_2011,
    author = {Wang, Zhehui and Morris, C.},
    year = {2011},
    month = {10},
    pages = {323-325},
    title = {Multi-layer boron thin-film detectors for neutrons},
    volume = {652},
    journal = {Nuclear Instruments and Methods in Physics Research Section A: Accelerators, Spectrometers, Detectors and Associated Equipment},
    doi = {10.1016/j.nima.2011.01.138}
}

@article{holley_afp_2012,
	title = {A high-field adiabatic fast passage ultracold neutron spin flipper for the {UCNA} experiment},
	volume = {83},
	issn = {0034-6748, 1089-7623},
	doi = {10.1063/1.4732822},
	language = {en},
	number = {7},
	urldate = {2022-05-30},
	journal = {Review of Scientific Instruments},
	author = {Holley, A. T. and Broussard, L. J. and Davis, J. L. and Hickerson, K. and Ito, T. M. and Liu, C.-Y. and Lyles, J. T. M. and Makela, M. and Mammei, R. R. and Mendenhall, M. P. and Morris, C. L. and Mortensen, R. and Pattie, R. W. and Rios, R. and Saunders, A. and Young, A. R.},
	month = jul,
	year = {2012},
	pages = {073505},
}

@article{tang_measurement_2016,
	title = {Measurement of spin-flip probabilities for ultracold neutrons interacting with nickel phosphorus coated surfaces},
	volume = {827},
	issn = {01689002},
	doi = {10.1016/j.nima.2016.04.098},
	journal = {Nuclear Instruments and Methods in Physics Research Section A: Accelerators, Spectrometers, Detectors and Associated Equipment},
	author = {Tang, Z. and Adamek, E.R. and Brandt, A. and Callahan, N.B. and Clayton, S.M. and Currie, S.A. and Ito, T.M. and Makela, M. and Masuda, Y. and Morris, C.L. and Pattie, R.W. and Ramsey, J.C. and Salvat, D.J. and Saunders, A. and Young, A.R.},
	month = aug,
	year = {2016},
	pages = {32--38},
}



@misc{Alarcon2022,
    doi = {10.48550/ARXIV.2203.08103},
    
    url = {https://arxiv.org/abs/2203.08103},
    
    author = {Alarcon, Ricardo and Alexander, Jim and Anastassopoulos, Vassilis and Aoki, Takatoshi and Baartman, Rick and Baeßler, Stefan and Bartoszek, Larry and Beck, Douglas H. and Bedeschi, Franco and Berger, Robert and Berz, Martin and Bethlem, Hendrick L. and Bhattacharya, Tanmoy and Blaskiewicz, Michael and Blum, Thomas and Bowcock, Themis and Borschevsky, Anastasia and Brown, Kevin and Budker, Dmitry and Burdin, Sergey and Casey, Brendan C. and Casse, Gianluigi and Cantatore, Giovanni and Cheng, Lan and Chupp, Timothy and Cianciolo, Vince and Cirigliano, Vincenzo and Clayton, Steven M. and Crawford, Chris and Das, B. P. and Davoudiasl, Hooman and de Vries, Jordy and DeMille, David and Denisov, Dmitri and Diwan, Milind V. and Doyle, John M. and Engel, Jonathan and Fanourakis, George and Fatemi, Renee and Filippone, Bradley W. and Flambaum, Victor V. and Fleig, Timo and Fomin, Nadia and Fischer, Wolfram and Gabrielse, Gerald and Ruiz, R. F. Garcia and Gardikiotis, Antonios and Gatti, Claudio and Geraci, Andrew and Gooding, James and Golub, Bob and Graham, Peter and Gray, Frederick and Griffith, W. Clark and Haciomeroglu, Selcuk and Gwinner, Gerald and Hoekstra, Steven and Hoffstaetter, Georg H. and Huang, Haixin and Hutzler, Nicholas R. and Incagli, Marco and Ito, Takeyasu M. and Izubuchi, Taku and Jayich, Andrew M. and Jeong, Hoyong and Kaplan, David and Karuza, Marin and Kawall, David and Kim, On and Koop, Ivan and Korsch, Wolfgang and Korobkina, Ekaterina and Lebedev, Valeri and Lee, Jonathan and Lee, Soohyung and Lehnert, Ralf and Leung, Kent K. H. and Liu, Chen-Yu and Long, Joshua and Lusiani, Alberto and Marciano, William J. and Maroudas, Marios and Matlashov, Andrei and Matsumoto, Nobuyuki and Mawhorter, Richard and Meot, Francois and Mereghetti, Emanuele and Miller, James P. and Morse, William M. and Mott, James and Omarov, Zhanibek and Orozco, Luis A. and O'Shaughnessy, Christopher M. and Ozben, Cenap and Park, SeongTae and Pattie, Robert W. and Petrov, Alexander N. and Piacentino, Giovanni Maria and Plaster, Bradley R. and Podobedov, Boris and Poelker, Matthew and Pocanic, Dinko and Prasannaa, V. S. and Price, Joe and Ramsey-Musolf, Michael J. and Raparia, Deepak and Rajendran, Surjeet and Reece, Matthew and Reid, Austin and Rescia, Sergio and Ritz, Adam and Roberts, B. Lee and Safronova, Marianna S. and Sakemi, Yasuhiro and Schmidt-Wellenburg, Philipp and Shindler, Andrea and Semertzidis, Yannis K. and Silenko, Alexander and Singh, Jaideep T. and Skripnikov, Leonid V. and Soni, Amarjit and Stephenson, Edward and Suleiman, Riad and Sunaga, Ayaki and Syphers, Michael and Syritsyn, Sergey and Tarbutt, M. R. and Thoerngren, Pia and Timmermans, Rob G. E. and Tishchenko, Volodya and Titov, Anatoly V. and Tsoupas, Nikolaos and Tzamarias, Spyros and Variola, Alessandro and Venanzoni, Graziano and Vilella, Eva and Vossebeld, Joost and Winter, Peter and Won, Eunil and Zelenski, Anatoli and Zelevinsky, Tanya and Zhou, Yan and Zioutas, Konstantin},
    
    title = {Electric dipole moments and the search for new physics},
    
    year = {2022},
    
    organization={arXiv},
}

@article{Dubbers2011,
    title = {The neutron and its role in cosmology and particle physics},
    author = {Dubbers, Dirk and Schmidt, Michael G.},
    journal = {Rev. Mod. Phys.},
    volume = {83},
    issue = {4},
    pages = {1111--1171},
    numpages = {0},
    year = {2011},
    month = oct,
    publisher = {American Physical Society},
    doi = {10.1103/RevModPhys.83.1111},
}

@phdthesis { ThorstenThesis,
	author = "Zechlau, Thorsten Sven",
	title = "Ultra-Cold Neutron Transport and Spin Manipulation System for the Measurement of the Neutron Electric Dipole Moment",
	type = "Dissertation",
	school = "Technische Universität München",
	address = "München",
	year = 2016,
}

@article{Young2014,
	doi = {10.1088/0954-3899/41/11/114007},
	year = 2014,
	month = oct,
	publisher = {{IOP} Publishing},
	volume = {41},
	number = {11},
	pages = {114007},
	author = {A. R. Young and S. Clayton and B. W. Filippone and P. Geltenbort and T. M. Ito and C.-Y. Liu and M. Makela and C. L. Morris and B. Plaster and A. Saunders and S. J. Seestrom and R. B. Vogelaar},
	title = {Beta decay measurements with ultracold neutrons: a review of recent measurements and the research program at Los Alamos National Laboratory},
	journal = {Journal of Physics G: Nuclear and Particle Physics},
	abstract = {We present a review of the motivation and results of recent experiments which utilize ultracold neutrons for measurements of neutron beta decay. Because these experiments hinge critically on the available ultracold neutron source technology, we also review the status of ultracold neutron source development, emphasizing the Los Alamos ultracold neutron facility and the ongoing beta decay research program sited there.}
}

@article{BAK06,
    title = {Improved Experimental Limit on the Electric Dipole Moment of the Neutron},
    author = {Baker, C. A. and Doyle, D. D. and Geltenbort, P. and Green, K. and van der Grinten, M. G. D. and Harris, P. G. and Iaydjiev, P. and Ivanov, S. N. and May, D. J. R. and Pendlebury, J. M. and Richardson, J. D. and Shiers, D. and Smith, K. F.},
    journal = {Phys. Rev. Lett.},
    volume = {97},
    issue = {13},
    pages = {131801},
    numpages = {4},
    year = {2006},
    month = sep,
    publisher = {American Physical Society},
    doi = {10.1103/PhysRevLett.97.131801},
    url = {https://link.aps.org/doi/10.1103/PhysRevLett.97.131801}
}

@article{ABE20,
    title = {Measurement of the Permanent Electric Dipole Moment of the Neutron},
    author = {Abel, C. and Afach, S. and Ayres, N. J. and Baker, C. A. and Ban, G. and Bison, G. and Bodek, K. and Bondar, V. and Burghoff, M. and Chanel, E. and Chowdhuri, Z. and Chiu, P.-J. and Clement, B. and Crawford, C. B. and Daum, M. and Emmenegger, S. and Ferraris-Bouchez, L. and Fertl, M. and Flaux, P. and Franke, B. and Fratangelo, A. and Geltenbort, P. and Green, K. and Griffith, W. C. and van der Grinten, M. and Gruji\ifmmode \acute{c}\else \'{c}\fi{}, Z. D. and Harris, P. G. and Hayen, L. and Heil, W. and Henneck, R. and H\'elaine, V. and Hild, N. and Hodge, Z. and Horras, M. and Iaydjiev, P. and Ivanov, S. N. and Kasprzak, M. and Kermaidic, Y. and Kirch, K. and Knecht, A. and Knowles, P. and Koch, H.-C. and Koss, P. A. and Komposch, S. and Kozela, A. and Kraft, A. and Krempel, J. and Ku\ifmmode \acute{z}\else \'{z}\fi{}niak, M. and Lauss, B. and Lefort, T. and Lemi\`ere, Y. and Leredde, A. and Mohanmurthy, P. and Mtchedlishvili, A. and Musgrave, M. and Naviliat-Cuncic, O. and Pais, D. and Piegsa, F. M. and Pierre, E. and Pignol, G. and Plonka-Spehr, C. and Prashanth, P. N. and Qu\'em\'ener, G. and Rawlik, M. and Rebreyend, D. and Rien\"acker, I. and Ries, D. and Roccia, S. and Rogel, G. and Rozpedzik, D. and Schnabel, A. and Schmidt-Wellenburg, P. and Severijns, N. and Shiers, D. and Tavakoli Dinani, R. and Thorne, J. A. and Virot, R. and Voigt, J. and Weis, A. and Wursten, E. and Wyszynski, G. and Zejma, J. and Zenner, J. and Zsigmond, G.},
    journal = {Phys. Rev. Lett.},
    volume = {124},
    issue = {8},
    pages = {081803},
    numpages = {7},
    year = {2020},
    month = feb,
    publisher = {American Physical Society},
    doi = {10.1103/PhysRevLett.124.081803},
    url = {https://link.aps.org/doi/10.1103/PhysRevLett.124.081803}
}

@article{anghel_solid_2018,
	title = {Solid deuterium surface degradation at ultracold neutron sources},
	volume = {54},
	issn = {1434-6001, 1434-601X},
	url = {http://link.springer.com/10.1140/epja/i2018-12594-2},
	doi = {10.1140/epja/i2018-12594-2},
		language = {en},
	number = {9},
	urldate = {2022-07-04},
	journal = {The European Physical Journal A},
	author = {Anghel, A. and Bailey, T. L. and Bison, G. and Blau, B. and Broussard, L. J. and Clayton, S. M. and Cude-Woods, C. and Daum, M. and Hawari, A. and Hild, N. and Huffman, P. and Ito, T. M. and Kirch, K. and Korobkina, E. and Lauss, B. and Leung, K. and Lutz, E. M. and Makela, M. and Medlin, G. and Morris, C. L. and Pattie, R. W. and Ries, D. and Saunders, A. and Schmidt-Wellenburg, P. and Talanov, V. and Young, A. R. and Wehring, B. and White, C. and Wohlmuther, M. and Zsigmond, G.},
	month = sep,
	year = {2018},
	pages = {148},
}

@article{POS05,
    title = {Electric dipole moments as probes of new physics},
    journal = {Annals of Physics},
    volume = {318},
    number = {1},
    pages = {119-169},
    year = {2005},
    note = {Special Issue},
    issn = {0003-4916},
    doi = {10.1016/j.aop.2005.04.002},
    url = {https://www.sciencedirect.com/science/article/pii/S0003491605000539},
    author = {Maxim Pospelov and Adam Ritz},
}


@article{ramsey_molecular_1950,
	title = {A {Molecular} {Beam} {Resonance} {Method} with {Separated} {Oscillating} {Fields}},
	volume = {78},
	doi = {10.1103/PhysRev.78.695},
	number = {6},
	journal = {Physical Review},
	author = {Ramsey, Norman F.},
	month = jun,
	year = {1950},
	note = {Publisher: American Physical Society},
	pages = {695--699},
}

@article{code_bloch_siegert_1971,
    title = {Molecular-Beam Magnetic Resonance Studies of HD and \ensuremath{{\mathrm{D}}_{2}}},
    author = {Code, R. F. and Ramsey, N. F.},
    journal = {Phys. Rev. A},
    volume = {4},
    issue = {5},
    pages = {1945--1959},
    numpages = {0},
    year = {1971},
    month = nov,
    publisher = {American Physical Society},
    doi = {10.1103/PhysRevA.4.1945},
    url = {https://link.aps.org/doi/10.1103/PhysRevA.4.1945}
}


@article{ENG13,
    title = {Electric dipole moments of nucleons, nuclei, and atoms: The Standard Model and beyond},
    journal = {Progress in Particle and Nuclear Physics},
    volume = {71},
    pages = {21-74},
    year = {2013},
    note = {Fundamental Symmetries in the Era of the LHC},
    issn = {0146-6410},
    doi = {10.1016/j.ppnp.2013.03.003},
    url = {https://www.sciencedirect.com/science/article/pii/S0146641013000227},
    author = {Jonathan Engel and Michael J. Ramsey-Musolf and U. {van Kolck}},
}

@article{CHU19,
    title = {Electric dipole moments: A global analysis},
    author = {Chupp, Timothy and Ramsey-Musolf, Michael},
    journal = {Phys. Rev. C},
    volume = {91},
    issue = {3},
    pages = {035502},
    numpages = {11},
    year = {2015},
    month = mar,
    publisher = {American Physical Society},
    doi = {10.1103/PhysRevC.91.035502},
    url = {https://link.aps.org/doi/10.1103/PhysRevC.91.035502}
}



@article{Cir10,
	Author = {Cirigliano, V. and Li, Yingchuan and Profumo, S. and Ramsey-Musolf, M. J.},
	Da = {2010/01/04},
	Date-Added = {2022-07-05 14:50:04 +0000},
	Date-Modified = {2022-07-05 14:50:04 +0000},
	Doi = {10.1007/JHEP01(2010)002},
	Id = {Cirigliano2010},
	Journal = {Journal of High Energy Physics},
	Number = {1},
	Pages = {2},
	Title = {MSSM baryogenesis and electric dipole moments: an update on the phenomenology},
	Ty = {JOUR},
	Url = {https://doi.org/10.1007/JHEP01(2010)002},
	Volume = {2010},
	Year = {2010}
 }

@article{Mor13,
	doi = {10.1088/1367-2630/14/12/125003},
	url = {https://doi.org/10.1088/1367-2630/14/12/125003},
	year = 2012,
	month = dec,
	publisher = {{IOP} Publishing},
	volume = {14},
	number = {12},
	pages = {125003},
	author = {David E Morrissey and Michael J Ramsey-Musolf},
	title = {Electroweak baryogenesis},
	journal = {New Journal of Physics},
}

@article{PIE13,
    title = {New concept for a neutron electric dipole moment search using a pulsed beam},
    author = {Piegsa, Florian M.},
    journal = {Phys. Rev. C},
    volume = {88},
    issue = {4},
    pages = {045502},
    numpages = {5},
    year = {2013},
    month = oct,
    publisher = {American Physical Society},
    doi = {10.1103/PhysRevC.88.045502},
    url = {https://link.aps.org/doi/10.1103/PhysRevC.88.045502}
}

@article{Atchison2006,
    title = {Storage of ultracold neutrons in a volume coated with diamondlike carbon},
    author = {Atchison, F. and Blau, B. and Daum, M. and Fierlinger, P. and Geltenbort, P. and Henneck, R. and Heule, S. and Kasprzak, M. and Kirch, K. and Kohlik, K. and Ku\ifmmode \acute{z}\else \'{z}\fi{}niak, M. and Meier, M. and Meyer, C.-F. and Pichlmaier, A. and Plonka, C. and Schmidt-Wellenburg, P. and Schultrich, B. and Stucky, Th. and Weihnacht, V. and Zimmer, O.},
    journal = {Phys. Rev. C},
    volume = {74},
    issue = {5},
    pages = {055501},
    numpages = {6},
    year = {2006},
    month = nov,
    publisher = {American Physical Society},
    doi = {10.1103/PhysRevC.74.055501},
    url = {https://link.aps.org/doi/10.1103/PhysRevC.74.055501}
}

@article{SER15,
    title = {New search for the neutron electric dipole moment with ultracold neutrons at ILL},
    author = {Serebrov, A. P. and Kolomenskiy, E. A. and Pirozhkov, A. N. and Krasnoschekova, I. A. and Vassiljev, A. V. and Polyushkin, A. O. and Lasakov, M. S. and Murashkin, A. N. and Solovey, V. A. and Fomin, A. K. and Shoka, I. V. and Zherebtsov, O. M. and Geltenbort, P. and Ivanov, S. N. and Zimmer, O. and Alexandrov, E. B. and Dmitriev, S. P. and Dovator, N. A.},
    journal = {Phys. Rev. C},
    volume = {92},
    issue = {5},
    pages = {055501},
    numpages = {16},
    year = {2015},
    month = nov,
    publisher = {American Physical Society},
    doi = {10.1103/PhysRevC.92.055501},
    url = {https://link.aps.org/doi/10.1103/PhysRevC.92.055501}
}

@book{cp_violation_wo_strangeness,
    author = "Khriplovich, I. B. and Lamoreaux, S. K.",
    title = "{CP violation without strangeness: Electric dipole moments of particles, atoms, and molecules}",
    year = "1997"
}

@book{numerical_recipes,
    author = {Press, William H. and Teukolsky, Saul A. and Vetterling, William T. and Flannery, Brian P.},
    edition = 3,
    isbn = {0521880688},
    publisher = {Cambridge University Press},
    title = {Numerical Recipes 3rd Edition: The Art of Scientific Computing},
    year = 2007
}

@book{sakurai_quantum,
    title={Modern Quantum Mechanics},
    author={Sakurai, J.J. and Napolitano, J.J.},
    edition = 2,
    year={2010},
    publisher={Pearson Education}
}

@article{robiscoe_spin_flip,
    doi = {10.1119/1.1986080},
    url = {https://doi.org/10.1119/1.1986080},
    year = {1971},
    month = feb,
    publisher = {American Association of Physics Teachers ({AAPT})},
    volume = {39},
    number = {2},
    pages = {146--150},
    author = {R. T. Robiscoe},
    title = {A Spin Flip Problem},
    journal = {American Journal of Physics}
}

@phdthesis{rogel_thesis,
	title = {D\'eveloppement de d\'etecteurs de neutrons ultra-froids et d'un syst\`eme d'analyse de polarisation pour la mesure du moment \'electrique dipolaire du neutron},
	author = {Rogel, G.},
	month = oct,
	year = {2009},
	type = "Dissertation",
	school = "L'université de Caen Normandie",
}

@book{griffiths_quantum,
    author = {Griffiths, David J.},
    edition = 2,
    isbn = {0131118927},
    month = apr,
    publisher = {Pearson Prentice Hall},
    title = {{Introduction to Quantum Mechanics}},
    year = 2004
}

@phdthesis{may_thesis,
    author={May, D. J. R.},
    title={A high precision comparison of the gyromagnetic ratios of the 199Hg atom and the neutron},
    year={1999},
    type = "Dissertation",
    school = "Sussex University, Brighton", 
}

@phdthesis{holley_thesis,
    title={Ultracold {Neutron} {Polarimetry} in a {Measurement} of the \ensuremath{\beta} {Asymmetry}},
    year={2012},
    school = {North Carolina State University},
    type = "Dissertation",
    author = {Holley, Adam},
}

@phdthesis{schreyer_thesis,
    title = {Magnets, polarizers, systematics, and optimizations of the neutron-lifetime experiment {PENeLOPE}},
    school = {Technische Universit\"{a}t M\"{u}nchen},
    author = {Schreyer, Wolfgang},
    year={2017},
    type = "Dissertation",
}

@article{rabi_1938,
    title = {A New Method of Measuring Nuclear Magnetic Moment},
    author = {Rabi, I. I. and Zacharias, J. R. and Millman, S. and Kusch, P.},
    journal = {Phys. Rev.},
    volume = {53},
    issue = {4},
    pages = {318--318},
    numpages = {0},
    year = {1938},
    month = feb,
    publisher = {American Physical Society},
    doi = {10.1103/PhysRev.53.318},
    url = {https://link.aps.org/doi/10.1103/PhysRev.53.318}
}

@book{Ekspong1993,
    doi = {10.1142/1456},
    url = {https://doi.org/10.1142/1456},
    year = {1993},
    month = feb,
    publisher = {World Scientific},
    author = {G\"{o}sta Ekspong},
    title = {Nobel Lectures in Physics 1981 {\textendash} 1990}
}


@article{ramsey_resonance_1955,
    title = {Resonance {Transitions} {Induced} by {Perturbations} at {Two} or {More} {Different} {Frequencies}},
    volume = {100},
    issn = {0031-899X},
    url = {https://link.aps.org/doi/10.1103/PhysRev.100.1191},
    doi = {10.1103/PhysRev.100.1191},
    language = {en},
    number = {4},
    urldate = {2023-02-04},
    journal = {Physical Review},
    author = {Ramsey, Norman F.},
    month = nov,
    year = {1955},
    pages = {1191--1194},
}


@article{bloch_magnetic_1940,
	title = {Magnetic {Resonance} for {Nonrotating} {Fields}},
	volume = {57},
	issn = {0031-899X},
	url = {https://link.aps.org/doi/10.1103/PhysRev.57.522},
	doi = {10.1103/PhysRev.57.522},
	language = {en},
	number = {6},
	urldate = {2023-02-04},
	journal = {Physical Review},
	author = {Bloch, F. and Siegert, A.},
	month = mar,
	year = {1940},
	pages = {522--527},
}

@book{abragam1961principles,
    title={The Principles of Nuclear Magnetism},
    author={Abragam, A.},
    isbn={9780198520146},
    lccn={61002889},
    series={International series of monographs on physics},
    year={1961},
    publisher={Clarendon Press}
}


@article{luschikov_calculation_1984,
    title = {On the calculation of the neutron adiabatic spin-flipper},
    volume = {228},
    issn = {01689002},
    url = {https://linkinghub.elsevier.com/retrieve/pii/0168900284900251},
    doi = {10.1016/0168-9002(84)90025-1},
    language = {en},
    number = {1},
    journal = {Nuclear Instruments and Methods in Physics Research Section A: Accelerators, Spectrometers, Detectors and Associated Equipment},
    author = {Luschikov, V.I. and Taran, Yu.V.},
    month = dec,
    year = {1984},
    pages = {159--160},
}

@article{grigoriev_neutron_2001,
	title = {Neutron wave-interference experiments with adiabatic passage of neutron spin through resonant coils},
	volume = {64},
	issn = {1050-2947, 1094-1622},
	url = {https://link.aps.org/doi/10.1103/PhysRevA.64.013614},
	doi = {10.1103/PhysRevA.64.013614},
	language = {en},
	number = {1},
	journal = {Physical Review A},
	author = {Grigoriev, S. V. and Kreuger, R. and Kraan, W. H. and Mulder, F. M. and Rekveldt, M. Th.},
	month = jun,
	year = {2001},
	pages = {013614},
}

@article{nist_neutron_cross_sections,
    author = {Sears, Varley F.},
    title = {Neutron scattering lengths and cross sections},
    journal = {Neutron News},
    volume = {3},
    number = {3},
    pages = {26-37},
    year  = {1992},
    publisher = {Taylor & Francis},
    doi = {10.1080/10448639208218770},
    URL = {https://doi.org/10.1080/10448639208218770},
}


@article{gonzalez_ucn_tau,
    title = {Improved Neutron Lifetime Measurement with $\mathrm{UCN}\ensuremath{\tau}$},
    author = {Gonzalez, F. M. and Fries, E. M. and Cude-Woods, C. and Bailey, T. and Blatnik, M. and Broussard, L. J. and Callahan, N. B. and Choi, J. H. and Clayton, S. M. and Currie, S. A. and Dawid, M. and Dees, E. B. and Filippone, B. W. and Fox, W. and Geltenbort, P. and George, E. and Hayen, L. and Hickerson, K. P. and Hoffbauer, M. A. and Hoffman, K. and Holley, A. T. and Ito, T. M. and Komives, A. and Liu, C.-Y. and Makela, M. and Morris, C. L. and Musedinovic, R. and O'Shaughnessy, C. and Pattie, R. W. and Ramsey, J. and Salvat, D. J. and Saunders, A. and Sharapov, E. I. and Slutsky, S. and Su, V. and Sun, X. and Swank, C. and Tang, Z. and Uhrich, W. and Vanderwerp, J. and Walstrom, P. and Wang, Z. and Wei, W. and Young, A. R.},
    collaboration = {$\mathrm{UCN}\ensuremath{\tau}$},
    journal = {Phys. Rev. Lett.},
    volume = {127},
    issue = {16},
    pages = {162501},
    numpages = {6},
    year = {2021},
    month = oct,
    publisher = {American Physical Society},
    doi = {10.1103/PhysRevLett.127.162501},
    url = {https://link.aps.org/doi/10.1103/PhysRevLett.127.162501}
}

@article{rabi_1936_space_quant,
    title = {On the Process of Space Quantization},
    author = {Rabi, I. I.},
    journal = {Phys. Rev.},
    volume = {49},
    issue = {4},
    pages = {324--328},
    numpages = {0},
    year = {1936},
    month = feb,
    publisher = {American Physical Society},
    doi = {10.1103/PhysRev.49.324},
    url = {https://link.aps.org/doi/10.1103/PhysRev.49.324}
}

@Article{Majorana1932,
    author={Majorana, Ettore},
    title={Atomi orientati in campo magnetico variabile},
    journal={Il Nuovo Cimento (1924-1942)},
    year={1932},
    month=feb,
    day={01},
    volume={9},
    number={2},
    pages={43-50},
    issn={1827-6121},
    doi={10.1007/BF02960953},
    url={https://doi.org/10.1007/BF02960953}
}

@article{baumann_neutron_charge,
    title = {Experimental limit for the charge of the free neutron},
    author = {Baumann, J. and G\"ahler, R. and Kalus, J. and Mampe, W.},
    journal = {Phys. Rev. D},
    volume = {37},
    issue = {11},
    pages = {3107--3112},
    numpages = {0},
    year = {1988},
    month = jun,
    publisher = {American Physical Society},
    doi = {10.1103/PhysRevD.37.3107},
    url = {https://link.aps.org/doi/10.1103/PhysRevD.37.3107}
}

@article{pdg2022,
    author = "Workman, R. L. and Others",
    collaboration = "Particle Data Group",
    title = "{Review of Particle Physics}",
    doi = "10.1093/ptep/ptac097",
    journal = "PTEP",
    volume = "2022",
    pages = "083C01",
    year = "2022"
}

@article{czarnecki_valence_model_1997,
    title = {Neutron Electric Dipole Moment in the Standard Model: Complete Three-Loop Calculation of the Valence Quark Contributions},
    author = {Czarnecki, Andrzej and Krause, Bernd},
    journal = {Phys. Rev. Lett.},
    volume = {78},
    issue = {23},
    pages = {4339--4342},
    numpages = {0},
    year = {1997},
    month = jun,
    publisher = {American Physical Society},
    doi = {10.1103/PhysRevLett.78.4339},
    url = {https://link.aps.org/doi/10.1103/PhysRevLett.78.4339}
}

@article{czarnecki2018,
    title = {Neutron Lifetime and Axial Coupling Connection},
    author = {Czarnecki, Andrzej and Marciano, William J. and Sirlin, Alberto},
    journal = {Phys. Rev. Lett.},
    volume = {120},
    issue = {20},
    pages = {202002},
    numpages = {5},
    year = {2018},
    month = may,
    publisher = {American Physical Society},
    doi = {10.1103/PhysRevLett.120.202002},
    url = {https://link.aps.org/doi/10.1103/PhysRevLett.120.202002}
}

@misc{beta_decay_fig,
    author = "{Wikipedia contributors}",
    title = "Beta negative decay --- {Wikipedia}{,} The Free Encyclopedia",
    year = "2011",
    url = "https://en.wikipedia.org/w/index.php?title=Beta_negative_decay&oldid=456377257",
    note = "Online"
  }


@misc{schmidt-wellenburg_quest_2017,
    title={The quest to find an electric dipole moment of the neutron}, 
    author={Schmidt-Wellenburg, P.},
    month = oct,
    year = {2017},
    doi = {10.48550/arXiv.1607.06609},
    url = {http://arxiv.org/abs/1607.06609},
    organization = {arXiv},
}

@article{wu_1956,
    title = {Experimental Test of Parity Conservation in Beta Decay},
    author = {Wu, C. S. and Ambler, E. and Hayward, R. W. and Hoppes, D. D. and Hudson, R. P.},
    journal = {Phys. Rev.},
    volume = {105},
    issue = {4},
    pages = {1413--1415},
    numpages = {0},
    year = {1957},
    month = feb,
    publisher = {American Physical Society},
    doi = {10.1103/PhysRev.105.1413},
    url = {https://link.aps.org/doi/10.1103/PhysRev.105.1413}
}

@article{LUDERS19571,
    title = {Proof of the TCP theorem},
    journal = {Annals of Physics},
    volume = {2},
    number = {1},
    pages = {1-15},
    year = {1957},
    issn = {0003-4916},
    doi = {10.1016/0003-4916(57)90032-5},
    url = {https://www.sciencedirect.com/science/article/pii/0003491657900325},
    author = {Gerhart Lüders},
}

@article{Hcker2006,
    doi = {10.1146/annurev.nucl.56.080805.140456},
    url = {https://doi.org/10.1146/annurev.nucl.56.080805.140456},
    year = {2006},
    month = nov,
    publisher = {Annual Reviews},
    volume = {56},
    number = {1},
    pages = {501--567},
    author = {Andreas H\"{o}cker and Zoltan Ligeti},
    title = {{CP} Violation and the {CKM} Matrix},
    journal = {Annual Review of Nuclear and Particle Science}
}

@article{ckm1973,
    author = {Kobayashi, Makoto and Maskawa, Toshihide},
    title = "{CP-Violation in the Renormalizable Theory of Weak Interaction}",
    journal = {Progress of Theoretical Physics},
    volume = {49},
    number = {2},
    pages = {652-657},
    year = {1973},
    month = {02},
    abstract = "{In a framework of the renormalizable theory of weak interaction, problems of CP-violation are studied. It is concluded that no realistic models of CP-violation exist in the quartet scheme without introducing any other new fields. Some possible models of CP-violation are also discussed.}",
    issn = {0033-068X},
    doi = {10.1143/PTP.49.652},
    url = {https://doi.org/10.1143/PTP.49.652},
}

@article{ChauKeung1984,
    title = {Comments on the Parametrization of the Kobayashi-Maskawa Matrix},
    author = {Chau, Ling-Lie and Keung, Wai-Yee},
    journal = {Phys. Rev. Lett.},
    volume = {53},
    issue = {19},
    pages = {1802--1805},
    numpages = {0},
    year = {1984},
    month = nov,
    publisher = {American Physical Society},
    doi = {10.1103/PhysRevLett.53.1802},
    url = {https://link.aps.org/doi/10.1103/PhysRevLett.53.1802}
}


@article{peccei_quinn_axion,
    title = {$\mathrm{CP}$ Conservation in the Presence of Pseudoparticles},
    author = {Peccei, R. D. and Quinn, Helen R.},
    journal = {Phys. Rev. Lett.},
    volume = {38},
    issue = {25},
    pages = {1440--1443},
    numpages = {0},
    year = {1977},
    month = jun,
    publisher = {American Physical Society},
    doi = {10.1103/PhysRevLett.38.1440},
    url = {https://link.aps.org/doi/10.1103/PhysRevLett.38.1440}
}

@article{kim_gianpaolo_2010,
    title = {Axions and the strong $CP$ problem},
    author = {Kim, Jihn E. and Carosi, Gianpaolo},
    journal = {Rev. Mod. Phys.},
    volume = {82},
    issue = {1},
    pages = {557--601},
    numpages = {0},
    year = {2010},
    month = mar,
    publisher = {American Physical Society},
    doi = {10.1103/RevModPhys.82.557},
    url = {https://link.aps.org/doi/10.1103/RevModPhys.82.557}
}

@article{BAER20151,
    title = {Dark matter production in the early Universe: Beyond the thermal WIMP paradigm},
    journal = {Physics Reports},
    volume = {555},
    pages = {1-60},
    year = {2015},
    note = {Dark matter production in the early Universe: Beyond the thermal WIMP paradigm},
    issn = {0370-1573},
    doi = {10.1016/j.physrep.2014.10.002},
    url = {https://www.sciencedirect.com/science/article/pii/S0370157314003925},
    author = {Howard Baer and Ki-Young Choi and Jihn E. Kim and Leszek Roszkowski},
}

@article{Sakharov_1991,
    doi = {10.1070/PU1991v034n05ABEH002497},
    url = {https://dx.doi.org/10.1070/PU1991v034n05ABEH002497},
    year = {1991},
    month = may,
    publisher = {},
    volume = {34},
    number = {5},
    pages = {392},
    author = {Andrei D Sakharov},
    title = {Violation of CP invariance, C asymmetry, and baryon asymmetry of the universe},
    journal = {Soviet Physics Uspekhi},
    abstract = {}
}

@article{ramsey_nedm_1950,
    title = {On the Possibility of Electric Dipole Moments for Elementary Particles and Nuclei},
    author = {Purcell, E. M. and Ramsey, N. F.},
    journal = {Phys. Rev.},
    volume = {78},
    issue = {6},
    pages = {807--807},
    numpages = {0},
    year = {1950},
    month = jun,
    publisher = {American Physical Society},
    doi = {10.1103/PhysRev.78.807},
    url = {https://link.aps.org/doi/10.1103/PhysRev.78.807}
}


@article{ramsey_nedm_1957,
    title = {Experimental Limit to the Electric Dipole Moment of the Neutron},
    author = {Smith, J. H. and Purcell, E. M. and Ramsey, N. F.},
    journal = {Phys. Rev.},
    volume = {108},
    issue = {1},
    pages = {120--122},
    numpages = {0},
    year = {1957},
    month = oct,
    publisher = {American Physical Society},
    doi = {10.1103/PhysRev.108.120},
    url = {https://link.aps.org/doi/10.1103/PhysRev.108.120}
}

@article{miller_nedm_1967,
    title = {Limit to the Electric Dipole Moment of the Neutron},
    author = {Miller, P. D. and Dress, W. B. and Baird, J. K. and Ramsey, Norman F.},
    journal = {Phys. Rev. Lett.},
    volume = {19},
    issue = {7},
    pages = {381--384},
    numpages = {0},
    year = {1967},
    month = aug,
    publisher = {American Physical Society},
    doi = {10.1103/PhysRevLett.19.381},
    url = {https://link.aps.org/doi/10.1103/PhysRevLett.19.381}
}

@article{shull_nedm_1967,
    doi = {10.1103/physrevlett.19.384},
    url = {https://doi.org/10.1103/physrevlett.19.384},
    year = {1967},
    month = aug,
    publisher = {American Physical Society ({APS})},
    volume = {19},
    number = {7},
    pages = {384--386},
    author = {C. G. Shull and R. Nathans},
    title = {Search for a Neutron Electric Dipole Moment by a Scattering Experiment},
    journal = {Physical Review Letters}
}

@article{dress_nedm_1968,
    doi = {10.1103/physrev.170.1200},
    url = {https://doi.org/10.1103/physrev.170.1200},
    year = {1968},
    month = jun,
    publisher = {American Physical Society ({APS})},
    volume = {170},
    number = {5},
    pages = {1200--1206},
    author = {W. B. Dress and J. K. Baird and P. D. Miller and Norman F. Ramsey},
    title = {Upper Limit for the Electric Dipole Moment of the Neutron},
    journal = {Physical Review}
}

@article{baird_nedm_1969,
    title = {Improved Upper Limit to the Electric Dipole Moment of the Neutron},
    author = {Baird, J. K. and Miller, P. D. and Dress, W. B. and Ramsey, Norman F.},
    journal = {Phys. Rev.},
    volume = {179},
    issue = {5},
    pages = {1285--1291},
    numpages = {0},
    year = {1969},
    month = mar,
    publisher = {American Physical Society},
    doi = {10.1103/PhysRev.179.1285},
    url = {https://link.aps.org/doi/10.1103/PhysRev.179.1285}
}

@article{cohen_nedm_1969,
    title = {Electric Dipole Moment of the Neutron},
    author = {Cohen, Victor W. and Nathans, Robert and Silsbee, H. B. and Lipworth, Edgar and Ramsey, Norman F.},
    journal = {Phys. Rev.},
    volume = {177},
    issue = {5},
    pages = {1942--1945},
    numpages = {0},
    year = {1969},
    month = jan,
    publisher = {American Physical Society},
    doi = {10.1103/PhysRev.177.1942},
    url = {https://link.aps.org/doi/10.1103/PhysRev.177.1942}
}

@article{dress_nedm_1973,
    doi = {10.1103/physrevd.7.3147},
    url = {https://doi.org/10.1103/physrevd.7.3147},
    year = {1973},
    month = jun,
    publisher = {American Physical Society ({APS})},
    volume = {7},
    number = {11},
    pages = {3147--3149},
    author = {W. B. Dress and P. D. Miller and N. F. Ramsey},
    title = {Improved Upper Limit for the Electric Dipole Moment of the Neutron},
    journal = {Physical Review D}
}

@article{dress_nedm_1977,
    title = {Search for an electric dipole moment of the neutron},
    author = {Dress, W. B. and Miller, P. D. and Pendlebury, J. M. and Perrin, Paul and Ramsey, Norman F.},
    journal = {Phys. Rev. D},
    volume = {15},
    issue = {1},
    pages = {9--21},
    numpages = {0},
    year = {1977},
    month = jan,
    publisher = {American Physical Society},
    doi = {10.1103/PhysRevD.15.9},
    url = {https://link.aps.org/doi/10.1103/PhysRevD.15.9}
}

@article{altarev_nedm_1980,
    title = {A search for the electric dipole moment of the neutron using ultracold neutrons},
    journal = {Nuclear Physics A},
    volume = {341},
    number = {2},
    pages = {269-283},
    year = {1980},
    issn = {0375-9474},
    doi = {10.1016/0375-9474(80)90313-9},
    url = {https://www.sciencedirect.com/science/article/pii/0375947480903139},
    author = {I.S. Altarev and Yu.V. Borisov and A.B. Brandin and A.I. Egorov and V.F. Ezhov and S.N. Ivanov and V.M. Lobashov and V.A. Nazarenko and G.D. Porsev and V.L. Ryabov and A.P. Serebrov and R.R. Taldaev},
}

@article{altarev_nedm_1981,
    title = {A new upper limit on the electric dipole moment of the neutron},
    journal = {Physics Letters B},
    volume = {102},
    number = {1},
    pages = {13-16},
    year = {1981},
    issn = {0370-2693},
    doi = {10.1016/0370-2693(81)90202-1},
    url = {https://www.sciencedirect.com/science/article/pii/0370269381902021},
    author = {I.S. Altarev and Yu.V. Borisov and N.V. Borovikova and A.B. Brandin and A.I. Egorov and V.F. Ezhov and S.N. Ivanov and V.M. Lobashev and V.A. Nazarenko and V.L. Ryabov and A.P. Serebrov and R.R. Taldaev},
}

@article{pendlebury_nedm_1984,
    doi = {10.1016/0370-2693(84)92013-6},
    url = {https://doi.org/10.1016/0370-2693(84)92013-6},
    year = {1984},
    month = mar,
    publisher = {Elsevier {BV}},
    volume = {136},
    number = {5-6},
    pages = {327--330},
    author = {J.M. Pendlebury and K.F. Smith and R. Golub and J. Byrne and T.J.L. McComb and T.J. Sumner and S.M. Burnett and A.R. Taylor and B. Heckel and N.F. Ramsey and K. Green and J. Morse and A.I. Kilvington and C.A. Baker and S.A. Clark and W. Mampe and P. Ageron and P.C. Miranda},
    title = {Search for a neutron electric dipole moment},
    journal = {Physics Letters B}
}

@article{altarev_nedm_1986,
    author = "Altarev, I. S. and others",
    title = "{Search for an Electric Dipole Moment of the Neutron}",
    journal = "JETP Lett.",
    volume = "44",
    pages = "460--465",
    year = "1986"
}


@article{smith_nedm_1990,
    title = {A search for the electric dipole moment of the neutron},
    journal = {Physics Letters B},
    volume = {234},
    number = {1},
    pages = {191-196},
    year = {1990},
    issn = {0370-2693},
    doi = {10.1016/0370-2693(90)92027-G},
    url = {https://www.sciencedirect.com/science/article/pii/037026939092027G},
    author = {K.F. Smith and N. Crampin and J.M. Pendlebury and D.J. Richardson and D. Shiers and K. Green and A.I. Kilvington and J. Moir and H.B. Prosper and D. Thompson and N.F. Ramsey and B.R. Heckel and S.K. Lamoreaux and P. Ageron and W. Mampe and A. Steyerl},
}

@article{altarev_nedm_1992,
    doi = {10.1016/0370-2693(92)90571-k},
    url = {https://doi.org/10.1016/0370-2693(92)90571-k},
    year = {1992},
    month = feb,
    publisher = {Elsevier {BV}},
    volume = {276},
    number = {1-2},
    pages = {242--246},
    author = {I.S. Altarev and Yu.V. Borisov and N.V. Borovikova and S.N. Ivanov and E.A. Kolomensky and M.S. Lasakov and V.M. Lobashev and V.A. Nazarenko and A.N. Pirozhkov and A.P. Serebrov and Yu.V. Sobolev and E.V. Shulgina and A.I. Yegorov},
    title = {New measurement of the electric dipole moment of the neutron},
    journal = {Physics Letters B}
}

@ARTICLE{altarev_nedm_1996,
    author = {{Altarev}, I.~S. and {Borisov}, Yu. V. and {Borovikova}, N.~V. and {Egorov}, A.~I. and {Ivanov}, S.~N. and {Kolomensky}, E.~A. and {Lasakov}, M.~S. and {Lobashev}, V.~M. and {Nazarenko}, V.~A. and {Pirozhkov}, A.~N. and {Serebrov}, A.~P. and {Sobolev}, Yu. V. and {Shulgina}, E.~V.},
    title = "{Search for the neutron electric dipole moment}",
    journal = {Physics of Atomic Nuclei},
     year = 1996,
    month = jul,
    volume = {59},
    number = {7},
    pages = {1152-1170},
}

@article{harris_nedm_1999,
    doi = {10.1103/physrevlett.82.904},
    url = {https://doi.org/10.1103/physrevlett.82.904},
    year = {1999},
    month = feb,
    publisher = {American Physical Society ({APS})},
    volume = {82},
    number = {5},
    pages = {904--907},
    author = {P. G. Harris and C. A. Baker and K. Green and P. Iaydjiev and S. Ivanov and D. J. R. May and J. M. Pendlebury and D. Shiers and K. F. Smith and M. van der Grinten and P. Geltenbort},
    title = {New Experimental Limit on the Electric Dipole Moment of the Neutron},
    journal = {Physical Review Letters}
}

@article{pnpi_nedm_2015,
  doi = {10.1134/s1063778815130293},
  url = {https://doi.org/10.1134/s1063778815130293},
  year = {2015},
  month = dec,
  publisher = {Pleiades Publishing Ltd},
  volume = {78},
  number = {14},
  pages = {1601--1605},
  author = {A. P. Serebrov and E. A. Kolomenskiy and A. N. Pirozhkov and I. A. Krasnoshchekova and A. V. Vasiliev and A. O. Polyushkin and M. S. Lasakov and A. N. Murashkin and V. A. Solovey and A. K. Fomin and I. V. Shoka and O. M. Zherebtsov and E. B. Alexandrov and S. P. Dmitriev and N. A. Dovator and P. Geltenbort and S. N. Ivanov and O. Zimmer},
  title = {{PNPI} differential {EDM} spectrometer and latest results of measurements of the neutron electric dipole moment},
  journal = {Physics of Atomic Nuclei}
}

@article{christenson_1964,
    title = {Evidence for the $2\ensuremath{\pi}$ Decay of the $K_{2}^{0}$ Meson},
    author = {Christenson, J. H. and Cronin, J. W. and Fitch, V. L. and Turlay, R.},
    journal = {Phys. Rev. Lett.},
    volume = {13},
    issue = {4},
    pages = {138--140},
    numpages = {0},
    year = {1964},
    month = jul,
    publisher = {American Physical Society},
    doi = {10.1103/PhysRevLett.13.138},
    url = {https://link.aps.org/doi/10.1103/PhysRevLett.13.138}
}

@article{Hilborn1982,
    doi = {10.1119/1.12937},
    url = {https://doi.org/10.1119/1.12937},
    year = {1982},
    month = nov,
    publisher = {American Association of Physics Teachers ({AAPT})},
    volume = {50},
    number = {11},
    pages = {982--986},
    author = {Robert C. Hilborn},
    title = {Einstein coefficients,  cross sections,  \textit{f} values,  dipole moments,  and all that},
    journal = {American Journal of Physics}
}

@article{schreyer_pentrack,
    title = {PENTrack—a simulation tool for ultracold neutrons, protons, and electrons in complex electromagnetic fields and geometries},
    journal = {Nuclear Instruments and Methods in Physics Research Section A: Accelerators, Spectrometers, Detectors and Associated Equipment},
    volume = {858},
    pages = {123-129},
    year = {2017},
    issn = {0168-9002},
    doi = {10.1016/j.nima.2017.03.036},
    url = {https://www.sciencedirect.com/science/article/pii/S0168900217303765},
    author = {W. Schreyer and T. Kikawa and M.J. Losekamm and S. Paul and R. Picker},
}

@article{atchison_transmission_2009,
    title = {Transmission of very slow neutrons through material foils and its influence on the design of ultracold neutron sources},
    volume = {608},
    issn = {01689002},
    url = {https://linkinghub.elsevier.com/retrieve/pii/S0168900209013047},
    doi = {10.1016/j.nima.2009.06.047},
    number = {1},
    journal = {Nuclear Instruments and Methods in Physics Research Section A: Accelerators, Spectrometers, Detectors and Associated Equipment},
    author = {Atchison, F. and Blau, B. and Bollhalder, A. and Daum, M. and Fierlinger, P. and Geltenbort, P. and Hampel, G. and Kasprzak, M. and Kirch, K. and Köchli, S. and Kuczewski, B. and Leber, H. and Locher, M. and Meier, M. and Ochse, S. and Pichlmaier, A. and Plonka, C. and Reiser, R. and Ulrich, J. and Wang, X. and Wiehl, N. and Zimmer, O. and Zsigmond, G.},
    month = sep,
    year = {2009},
    pages = {144--151},
}

@article{akatsuka_characterization_2023,
    title = {Characterization of electroless nickel-phosphorus plating for ultracold-neutron storage},
    volume = {1049},
    copyright = {All rights reserved},
    issn = {0168-9002},
    url = {https://www.sciencedirect.com/science/article/pii/S0168900223000967},
    doi = {10.1016/j.nima.2023.168106},
    language = {en},
    urldate = {2023-02-16},
    journal = {Nuclear Instruments and Methods in Physics Research Section A: Accelerators, Spectrometers, Detectors and Associated Equipment},
    author = {Akatsuka, H. and Andalib, T. and Bell, B. and Berean-Dutcher, J. and Bernier, N. and Bidinosti, C. P. and Cude-Woods, C. and Currie, S. A. and Davis, C. A. and Franke, B. and Gaur, R. and Giampa, P. and Hansen-Romu, S. and Hassan, M. T. and Hatanaka, K. and Higuchi, T. and Gibson, C. and Ichikawa, G. and Ide, I. and Imajo, S. and Ito, T. M. and Jamieson, B. and Kawasaki, S. and Kitaguchi, M. and Klassen, W. and Korkmaz, E. and Kuchler, F. and Lang, M. and Lavvaf, M. and Lindner, T. and Makela, M. and Mammei, J. and Mammei, R. and Martin, J. W. and Matsumiya, R. and Miller, E. and Mishima, K. and Momose, T. and Morawetz, S. and Morris, C. L. and Ong, H. J. and O’Shaughnessy, C. M. and Pereira-Wilson, M. and Picker, R. and Piermaier, F. and Pierre, E. and Schreyer, W. and Sidhu, S. and Stang, D. and Tiepo, V. and Vanbergen, S. and Wang, R. and Wong, D. and Yamamoto, N.},
    month = apr,
    year = {2023},
    keywords = {Electroless nickel, Storage lifetime, Surface roughness, Ultracold neutrons},
    pages = {168106},
}

@article{bodek_storage_2008,
    title = {Storage of ultracold neutrons in high resistivity, non-magnetic materials with high {Fermi} potential},
    volume = {597},
    issn = {01689002},
    url = {https://linkinghub.elsevier.com/retrieve/pii/S0168900208014381},
    doi = {10.1016/j.nima.2008.09.018},
    language = {en},
    number = {2-3},
    urldate = {2022-10-10},
    journal = {Nuclear Instruments and Methods in Physics Research Section A: Accelerators, Spectrometers, Detectors and Associated Equipment},
    author = {Bodek, K. and Daum, M. and Henneck, R. and Heule, S. and Kasprzak, M. and Kirch, K. and Knecht, A. and Kuźniak, M. and Lauss, B. and Meier, M. and Petzoldt, G. and Schneider, M. and Zsigmond, G.},
    month = dec,
    year = {2008},
    pages = {222--226},
}


@article{bondar_losses_2017,
    title = {Losses and depolarization of ultracold neutrons on neutron guide and storage materials},
    volume = {96},
    issn = {2469-9985, 2469-9993},
    url = {https://link.aps.org/doi/10.1103/PhysRevC.96.035205},
    doi = {10.1103/PhysRevC.96.035205},
    language = {en},
    number = {3},
    urldate = {2023-02-28},
    journal = {Physical Review C},
    author = {Bondar, V. and Chesnevskaya, S. and Daum, M. and Franke, B. and Geltenbort, P. and Göltl, L. and Gutsmiedl, E. and Karch, J. and Kasprzak, M. and Kessler, G. and Kirch, K. and Koch, H.-C. and Kraft, A. and Lauer, T. and Lauss, B. and Pierre, E. and Pignol, G. and Reggiani, D. and Schmidt-Wellenburg, P. and Sobolev, Yu. and Zechlau, T. and Zsigmond, G.},
    month = sep,
    year = {2017},
    pages = {035205},
}

@article{atchison_diffuse_2010,
    title = {Diffuse reflection of ultracold neutrons from low-roughness surfaces},
    volume = {44},
    issn = {1434-6001, 1434-601X},
    url = {http://link.springer.com/10.1140/epja/i2010-10926-x},
    doi = {10.1140/epja/i2010-10926-x},
    language = {en},
    number = {1},
    urldate = {2023-02-25},
    journal = {The European Physical Journal A},
    author = {Atchison, F. and Daum, M. and Henneck, R. and Heule, S. and Horisberger, M. and Kasprzak, M. and Kirch, K. and Knecht, A. and Kużniak, M. and Lauss, B. and Mtchedlishvili, A. and Meier, M. and Petzoldt, G. and Plonka-Spehr, C. and Schelldorfer, R. and Straumann, U. and Zsigmond, G.},
    month = apr,
    year = {2010},
    pages = {23--29},
}

@article{steyerl_surface_2010,
    title = {Surface roughness effect on ultracold neutron interaction with a wall and implications for computer simulations},
    volume = {81},
    issn = {0556-2813, 1089-490X},
    url = {https://link.aps.org/doi/10.1103/PhysRevC.81.055505},
    doi = {10.1103/PhysRevC.81.055505},
    language = {en},
    number = {5},
    urldate = {2023-02-25},
    journal = {Physical Review C},
    author = {Steyerl, A. and Malik, S. S. and Desai, A. M. and Kaufman, C.},
    month = may,
    year = {2010},
    pages = {055505},
}

@article{steyerl_1972,
    doi = {10.1007/bf01380066},
    url = {https://doi.org/10.1007/bf01380066},
    year = {1972},
    month = apr,
    publisher = {Springer Science and Business Media {LLC}},
    volume = {254},
    number = {2},
    pages = {169--188},
    author = {A. Steyerl},
    title = {Effect of surface roughness on the total reflexion and transmission of slow neutrons},
    journal = {Zeitschrift f\"{u}r Physik A Hadrons and nuclei}
}

@article{baym_elementary_2016,
    title = {Elementary quantum mechanics of the neutron with an electric dipole moment},
    volume = {113},
    url = {https://www.pnas.org/doi/full/10.1073/pnas.1607599113},
    doi = {10.1073/pnas.1607599113},
    number = {27},
    journal = {Proceedings of the National Academy of Sciences},
    author = {Baym, Gordon and Beck, D. H.},
    month = jul,
    year = {2016},
    pages = {7438--7442},
}


@article{bmt_equations,
	title = {Thomas {Precession} and the {Bargmann}-{Michel}-{Telegdi} {Equation}},
	volume = {41},
	issn = {1572-9516},
	url = {https://doi.org/10.1007/s10701-011-9579-7},
	doi = {10.1007/s10701-011-9579-7},
	number = {12},
	urldate = {2023-03-10},
	journal = {Foundations of Physics},
	author = {R\c{e}bilas, Krzysztof},
	month = dec,
	year = {2011},
	keywords = {BMT equation, Special relativity, Spin dynamics},
	pages = {1800--1809},
}

@article{abel_magnetic-field_2019,
    title = {Magnetic-field uniformity in neutron electric-dipole-moment experiments},
    volume = {99},
    issn = {2469-9926, 2469-9934},
    url = {https://link.aps.org/doi/10.1103/PhysRevA.99.042112},
    doi = {10.1103/PhysRevA.99.042112},
    language = {en},
    number = {4},
    urldate = {2023-02-15},
    journal = {Physical Review A},
    author = {Abel, C. and Ayres, N. J. and Baker, T. and Ban, G. and Bison, G. and Bodek, K. and Bondar, V. and Crawford, C. B. and Chiu, P.-J. and Chanel, E. and Chowdhuri, Z. and Daum, M. and Dechenaux, B. and Emmenegger, S. and Ferraris-Bouchez, L. and Flaux, P. and Geltenbort, P. and Green, K. and Griffith, W. C. and van der Grinten, M. and Harris, P. G. and Henneck, R. and Hild, N. and Iaydjiev, P. and Ivanov, S. N. and Kasprzak, M. and Kermaidic, Y. and Kirch, K. and Koch, H.-C. and Komposch, S. and Koss, P. A. and Kozela, A. and Krempel, J. and Lauss, B. and Lefort, T. and Lemiere, Y. and Leredde, A. and Mohanmurthy, P. and Pais, D. and Piegsa, F. M. and Pignol, G. and Quéméner, G. and Rawlik, M. and Rebreyend, D. and Ries, D. and Roccia, S. and Rozpedzik, D. and Schmidt-Wellenburg, P. and Schnabel, A. and Severijns, N. and Virot, R. and Weis, A. and Wursten, E. and Wyszynski, G. and Zejma, J. and Zsigmond, G.},
    month = apr,
    year = {2019},
    pages = {042112},
}


@article{wong_north_beamline_2023,
	title = {Characterization of the new {Ultracold} {Neutron} beamline at the {LANL} {UCN} facility},
	volume = {1050},
	copyright = {All rights reserved},
	issn = {0168-9002},
	url = {https://www.sciencedirect.com/science/article/pii/S0168900223000955},
	doi = {10.1016/j.nima.2023.168105},
	language = {en},
	urldate = {2023-02-16},
	journal = {Nuclear Instruments and Methods in Physics Research Section A: Accelerators, Spectrometers, Detectors and Associated Equipment},
	author = {Wong, D. K.-T. and Hassan, M. T. and Burdine, J. F. and Chupp, T. E. and Clayton, S. M. and Cude-Woods, C. and Currie, S. A. and Ito, T. M. and Liu, C. -Y. and Makela, M. and Morris, C. L. and O’Shaughnessy, C. M. and Reid, A. and Sachdeva, N. and Uhrich, F. W.},
	month = may,
	year = {2023},
	keywords = {Neutron electric dipole moment, Ultracold neutrons},
	pages = {168105},
}


@article{lamoreaux_experimental_2009,
	title = {Experimental searches for the neutron electric dipole moment},
	volume = {36},
	url = {https://dx.doi.org/10.1088/0954-3899/36/10/104002},
	doi = {10.1088/0954-3899/36/10/104002},
	number = {10},
	journal = {Journal of Physics G: Nuclear and Particle Physics},
	author = {Lamoreaux, S. K. and Golub, R.},
	month = sep,
	year = {2009},
	pages = {104002},
}

@article{pendlebury_geometric-phase-induced_2004,
	title = {Geometric-phase-induced false electric dipole moment signals for particles in traps},
	volume = {70},
	issn = {1050-2947, 1094-1622},
	url = {https://link.aps.org/doi/10.1103/PhysRevA.70.032102},
	doi = {10.1103/PhysRevA.70.032102},
	language = {en},
	number = {3},
	urldate = {2019-11-29},
	journal = {Physical Review A},
	author = {Pendlebury, J. M. and Heil, W. and Sobolev, Yu. and Harris, P. G. and Richardson, J. D. and Baskin, R. J. and Doyle, D. D. and Geltenbort, P. and Green, K. and van der Grinten, M. G. D. and Iaydjiev, P. S. and Ivanov, S. N. and May, D. J. R. and Smith, K. F.},
	month = sep,
	year = {2004},
}

@article{pendlebury_revised_2015,
	title = {Revised experimental upper limit on the electric dipole moment of the neutron},
	volume = {92},
	url = {https://link.aps.org/doi/10.1103/PhysRevD.92.092003},
	doi = {10.1103/PhysRevD.92.092003},
	number = {9},
	urldate = {2023-04-06},
	journal = {Physical Review D},
	author = {Pendlebury, J. M. and Afach, S. and Ayres, N. J. and Baker, C. A. and Ban, G. and Bison, G. and Bodek, K. and Burghoff, M. and Geltenbort, P. and Green, K. and Griffith, W. C. and van der Grinten, M. and Grujić, Z. D. and Harris, P. G. and Hélaine, V. and Iaydjiev, P. and Ivanov, S. N. and Kasprzak, M. and Kermaidic, Y. and Kirch, K. and Koch, H.-C. and Komposch, S. and Kozela, A. and Krempel, J. and Lauss, B. and Lefort, T. and Lemière, Y. and May, D. J. R. and Musgrave, M. and Naviliat-Cuncic, O. and Piegsa, F. M. and Pignol, G. and Prashanth, P. N. and Quéméner, G. and Rawlik, M. and Rebreyend, D. and Richardson, J. D. and Ries, D. and Roccia, S. and Rozpedzik, D. and Schnabel, A. and Schmidt-Wellenburg, P. and Severijns, N. and Shiers, D. and Thorne, J. A. and Weis, A. and Winston, O. J. and Wursten, E. and Zejma, J. and Zsigmond, G.},
	month = nov,
	year = {2015},
	note = {Publisher: American Physical Society},
	pages = {092003},
}

@article{lamoreaux_geometric_phase_2005,
	title = {Detailed discussion of a linear electric field frequency shift induced in confined gases by a magnetic field gradient: {Implications} for neutron electric-dipole-moment experiments},
	volume = {71},
	issn = {1050-2947, 1094-1622},
	shorttitle = {Detailed discussion of a linear electric field frequency shift induced in confined gases by a magnetic field gradient},
	url = {https://link.aps.org/doi/10.1103/PhysRevA.71.032104},
	doi = {10.1103/PhysRevA.71.032104},
	language = {en},
	number = {3},
	urldate = {2021-03-29},
	journal = {Physical Review A},
	author = {Lamoreaux, S. K. and Golub, R.},
	month = mar,
	year = {2005},
	pages = {032104},
}

@article{barabanov_geometric_phase_2006,
      title = {Electric dipole moment searches: Effect of linear electric field frequency shifts induced in confined gases},
      author = {Barabanov, A. L. and Golub, R. and Lamoreaux, S. K.},
      journal = {Phys. Rev. A},
      volume = {74},
      issue = {5},
      pages = {052115},
      numpages = {11},
      year = {2006},
      month = nov,
      publisher = {American Physical Society},
      doi = {10.1103/PhysRevA.74.052115},
      url = {https://link.aps.org/doi/10.1103/PhysRevA.74.052115}
}


@misc{swank_geometric_phase_2009,
      title={Electric dipole moment searches: Effect of linear electric field frequency shifts induced in confined gases, II}, 
      author={R. Golub and C. M. Swank and S. K. Lamoreaux},
      year={2009},
      doi = {10.48550/arXiv.0810.5378},
      url = {https://arxiv.org/abs/0810.5378},
      organization={arXiv},
}


@article{pignol_geometric_phase_2012,
	title = {Electric-dipole-moment searches: {Reexamination} of frequency shifts for particles in traps},
	volume = {85},
	issn = {1050-2947, 1094-1622},
	shorttitle = {Electric-dipole-moment searches},
	url = {https://link.aps.org/doi/10.1103/PhysRevA.85.042105},
	doi = {10.1103/PhysRevA.85.042105},
	language = {en},
	number = {4},
	urldate = {2023-04-05},
	journal = {Physical Review A},
	author = {Pignol, Guillaume and Roccia, Stéphanie},
	month = apr,
	year = {2012},
	pages = {042105},
}


@article{pignol_geometric_phase_2015,
	title = {Frequency shifts and relaxation rates for spin-1/2 particles moving in electromagnetic fields},
	volume = {92},
	issn = {1050-2947, 1094-1622},
	url = {https://link.aps.org/doi/10.1103/PhysRevA.92.053407},
	doi = {10.1103/PhysRevA.92.053407},
	language = {en},
	number = {5},
	urldate = {2023-04-07},
	journal = {Physical Review A},
	author = {Pignol, G. and Guigue, M. and Petukhov, A. and Golub, R.},
	month = nov,
	year = {2015},
	pages = {053407},
}

@article{pignol_magic_2019,
	title = {A magic magnetic field to measure the neutron electric dipole moment},
	volume = {793},
	issn = {03702693},
	url = {http://arxiv.org/abs/1812.01420},
	doi = {10.1016/j.physletb.2019.05.014},
	journal = {Physics Letters B},
	author = {Pignol, G.},
	month = jun,
	year = {2019},
	keywords = {High Energy Physics - Experiment, Nuclear Experiment, Physics - Instrumentation and Detectors},
	pages = {440--444},
}

@article{afach_measurement_2015,
	title = {Measurement of a false electric dipole moment signal from {199Hg} atoms exposed to an inhomogeneous magnetic field},
	volume = {69},
	issn = {1434-6079},
	url = {https://doi.org/10.1140/epjd/e2015-60207-4},
	doi = {10.1140/epjd/e2015-60207-4},
	language = {en},
	number = {10},
	urldate = {2023-04-08},
	journal = {The European Physical Journal D},
	author = {Afach, S. and Baker, C. A. and Ban, G. and Bison, G. and Bodek, K. and Chowdhuri, Z. and Daum, M. and Fertl, M. and Franke, B. and Geltenbort, P. and Green, K. and van der Grinten, M. G. D. and Grujic, Z. and Harris, P. G. and Heil, W. and Hélaine, V. and Henneck, R. and Horras, M. and Iaydjiev, P. and Ivanov, S. N. and Kasprzak, M. and Kermaïdic, Y. and Kirch, K. and Knowles, P. and Koch, H.-C. and Komposch, S. and Kozela, A. and Krempel, J. and Lauss, B. and Lefort, T. and Lemière, Y. and Mtchedlishvili, A. and Naviliat-Cuncic, O. and Pendlebury, J. M. and Piegsa, F. M. and Pignol, G. and Prashant, P. N. and Quéméner, G. and Rebreyend, D. and Ries, D. and Roccia, S. and Schmidt-Wellenburg, P. and Severijns, N. and Weis, A. and Wursten, E. and Wyszynski, G. and Zejma, J. and Zenner, J. and Zsigmond, G.},
	month = oct,
	year = {2015},
	keywords = {Atomic Physics},
	pages = {225},
}

@article{baker_apparatus_2014,
	title = {Apparatus for measurement of the electric dipole moment of the neutron using a cohabiting atomic-mercury magnetometer},
	volume = {736},
	issn = {01689002},
	url = {https://linkinghub.elsevier.com/retrieve/pii/S0168900213013193},
	doi = {10.1016/j.nima.2013.10.005},
	language = {en},
	urldate = {2022-04-20},
	journal = {Nuclear Instruments and Methods in Physics Research Section A: Accelerators, Spectrometers, Detectors and Associated Equipment},
	author = {Baker, C.A. and Chibane, Y. and Chouder, M. and Geltenbort, P. and Green, K. and Harris, P.G. and Heckel, B.R. and Iaydjiev, P. and Ivanov, S.N. and Kilvington, I. and Lamoreaux, S.K. and May, D.J. and Pendlebury, J.M. and Richardson, J.D. and Shiers, D.B. and Smith, K.F. and van der Grinten, M.},
	month = feb,
	year = {2014},
	pages = {184--203},
}

@article{lamoreaux_earth_rotation_comment,
    title = {Comment on ``Improved Experimental Limit on the Electric Dipole Moment of the Neutron''},
    author = {Lamoreaux, S. K. and Golub, R.},
    journal = {Phys. Rev. Lett.},
    volume = {98},
    issue = {14},
    pages = {149101},
    numpages = {1},
    year = {2007},
    month = apr,
    publisher = {American Physical Society},
    doi = {10.1103/PhysRevLett.98.149101},
    url = {https://link.aps.org/doi/10.1103/PhysRevLett.98.149101}
}

@article{baker_reply_to_lamoreaux,
    title = {Baker et al. {Reply}:},
    volume = {98},
    shorttitle = {Baker et al. {Reply}},
    url = {https://link.aps.org/doi/10.1103/PhysRevLett.98.149102},
    doi = {10.1103/PhysRevLett.98.149102},
    abstract = {A Reply to the Comment by S. K. Lamoreaux and R. Golub.},
    number = {14},
    urldate = {2023-04-09},
    journal = {Physical Review Letters},
    author = {Baker, C. A. and Doyle, D. D. and Geltenbort, P. and Green, K. and van der Grinten, M. G. D. and Harris, P. G. and Iaydjiev, P. and Ivanov, S. N. and May, D. J. R. and Pendlebury, J. M. and Richardson, J. D. and Shiers, D. and Smith, K. F.},
    month = apr,
    year = {2007},
    note = {Publisher: American Physical Society},
    pages = {149102},
}



@article{mcgregor_transverse_1990,
    title = {Transverse relaxation of spin-polarized $^{3}\mathrm{He}$ gas due to a magnetic field gradient},
    volume = {41},
    url = {https://link.aps.org/doi/10.1103/PhysRevA.41.2631},
    doi = {10.1103/PhysRevA.41.2631},
    number = {5},
    urldate = {2019-11-29},
    journal = {Physical Review A},
    author = {McGregor, Douglas D.},
    month = mar,
    year = {1990},
    pages = {2631--2635},
}

@book{chow2006introduction,
    title={Introduction to Electromagnetic Theory: A Modern Perspective},
    author={Chow, T.L.},
    isbn={9780763738273},
    year={2006},
    publisher={Jones and Bartlett Publishers}
}

@article{gosling_gapped_solenoid_1974,
    doi = {10.1049/piee.1974.0329},
    url = {https://doi.org/10.1049/piee.1974.0329},
    year = {1974},
    publisher = {Institution of Engineering and Technology ({IET})},
    volume = {121},
    number = {12},
    pages = {1589},
    author = {W. Gosling and M.J. Cunningham},
    title = {Gapped solenoid as a means of producing a highly uniform magnetic field over an extended volume},
    journal = {Proceedings of the Institution of Electrical Engineers}
}

@manual{sis3316_manual,
    title = {SIS3316 16 Channel VME Digitizer User Manual},
    version = {124},
    year={2020},
    month=apr,
    day={24},
    organization = {Struck Innovative Systeme GmbH},
    url = {https://github.com/dougUCN/SIS3316}
}

@manual{sis3316_udp_addendum,
    title = {SIS3316 16 Channel VME Digitizer Ethernet UDP Addendum},
    version = {106},
    year={2015},
    month=aug,
    day={12},
    organization = {Struck Innovative Systeme GmbH},
    url = {https://github.com/dougUCN/SIS3316}
}

@manual{ds345_manual,
    title = {Model DS345 Synthesized Function Generator User Manual},
    version = {2.3},
    year={2016},
    month=dec,
    organization = {Stanford Research Systems Inc.},
    url = {https://thinksrs.com/products/DS345.htm}
}

@manual{rubidium_standard_fs725_manual,
    title = {FS725 Rubidium Frequency Standard Operation and Service Manual},
    version = {1.3},
    year={2015},
    month=dec,
    organization = {Stanford Research Systems Inc.},
    url = {https://thinksrs.com/products/DS345.htm}
}


@article{jeph_multilayer_2015,
	title = {A multilayer surface detector for ultracold neutrons},
	volume = {798},
	issn = {01689002},
	url = {https://linkinghub.elsevier.com/retrieve/pii/S0168900215008396},
	doi = {10.1016/j.nima.2015.07.010},
	language = {en},
	urldate = {2023-04-20},
	journal = {Nuclear Instruments and Methods in Physics Research Section A: Accelerators, Spectrometers, Detectors and Associated Equipment},
	author = {Wang, Zhehui and Hoffbauer, M.A. and Morris, C.L. and Callahan, N.B. and Adamek, E.R. and Bacon, J.D. and Blatnik, M. and Brandt, A.E. and Broussard, L.J. and Clayton, S.M. and Cude-Woods, C. and Currie, S. and Dees, E.B. and Ding, X. and Gao, J. and Gray, F.E. and Hickerson, K.P. and Holley, A.T. and Ito, T.M. and Liu, C.-Y. and Makela, M. and Ramsey, J.C. and Pattie, R.W. and Salvat, D.J. and Saunders, A. and Schmidt, D.W. and Schulze, R.K. and Seestrom, S.J. and Sharapov, E.I. and Sprow, A. and Tang, Z. and Wei, W. and Wexler, J. and Womack, T.L. and Young, A.R. and Zeck, B.A.},
	month = oct,
	year = {2015},
	pages = {30--35},
}

@article{lee_yang_1956,
    title = {Question of Parity Conservation in Weak Interactions},
    author = {Lee, T. D. and Yang, C. N.},
    journal = {Phys. Rev.},
    volume = {104},
    issue = {1},
    pages = {254--258},
    numpages = {0},
    year = {1956},
    month = oct,
    publisher = {American Physical Society},
    doi = {10.1103/PhysRev.104.254},
    url = {https://link.aps.org/doi/10.1103/PhysRev.104.254}
}


@article{pokotilovski_effect_2016,
    title = {Effect of oxide films and structural inhomogeneities on transmission of ultracold neutrons through foils},
    volume = {73},
    issn = {1286-0042, 1286-0050},
    url = {http://www.epjap.org/10.1051/epjap/2016150073},
    doi = {10.1051/epjap/2016150073},
    language = {en},
    number = {2},
    urldate = {2019-12-11},
    journal = {The European Physical Journal Applied Physics},
    author = {Pokotilovski, Yuri N.},
    month = feb,
    year = {2016},
    pages = {20302},
}

@article{bate_mfp_1947,
    title = {Mean free path of sound in an auditorium},
    volume = {59},
    issn = {0959-5309},
    url = {https://doi.org/10.1088\%2F0959-5309\%2F59\%2F4\%2F303},
    doi = {10.1088/0959-5309/59/4/303},
    language = {en},
    number = {4},
    urldate = {2020-04-28},
    journal = {Proceedings of the Physical Society},
    author = {Bate, A. E. and Pillow, M. E.},
    month = jul,
    year = {1947},
    note = {Publisher: IOP Publishing},
    pages = {535--541},
}


@article{lamoreaux_wong_casimir_2015,
	title = {Mechanical temporal fluctuation induced distance and force systematic errors in {Casimir} force experiments},
	volume = {27},
	copyright = {All rights reserved},
	issn = {0953-8984},
	url = {http://stacks.iop.org/0953-8984/27/i=21/a=214016},
	doi = {10.1088/0953-8984/27/21/214016},
	language = {en},
	number = {21},
	urldate = {2018-09-06},
	journal = {Journal of Physics: Condensed Matter},
	author = {Lamoreaux, Steve and Wong, Douglas},
	year = {2015},
	pages = {214016},
}
